{
  "leader": "01991cam a2200409 a 4500",
  "fields": [
    {
      "001": "ocm15814363\\"
    },
    {
      "003": "OCoLC"
    },
    {
      "005": "20221223113410.0"
    },
    {
      "008": "870605r19261923enkaf\\\\\\\\\\\\\\\\\\001\\0\\eng\\d"
    },
    {
      "040": {
        "ind1": "\\",
        "ind2": "\\",
        "subfields": [
          {
            "a": "AZS"
          },
          {
            "b": "eng"
          },
          {
            "c": "AZS"
          },
          {
            "d": "WY@"
          },
          {
            "d": "OCL"
          },
          {
            "d": "OCLCQ"
          },
          {
            "d": "OCLCG"
          },
          {
            "d": "UKMGB"
          },
          {
            "d": "OCLCF"
          },
          {
            "d": "OCLCQ"
          },
          {
            "d": "OCLCO"
          },
          {
            "d": "AUW"
          },
          {
            "d": "OCLCO"
          },
          {
            "d": "OCLCQ"
          },
          {
            "d": "OCLCO"
          }
        ]
      }
    },
    {
      "016": {
        "ind1": "7",
        "ind2": "\\",
        "subfields": [
          {
            "a": "010862776"
          },
          {
            "2": "Uk"
          }
        ]
      }
    },
    {
      "019": {
        "ind1": "\\",
        "ind2": "\\",
        "subfields": [
          {
            "a": "1132894941"
          }
        ]
      }
    },
    {
      "035": {
        "ind1": "\\",
        "ind2": "\\",
        "subfields": [
          {
            "a": "(OCoLC)15814363"
          },
          {
            "z": "(OCoLC)1132894941"
          }
        ]
      }
    },
    {
      "043": {
        "ind1": "\\",
        "ind2": "\\",
        "subfields": [
          {
            "a": "e-fr---"
          }
        ]
      }
    },
    {
      "050": {
        "ind1": "\\",
        "ind2": "4",
        "subfields": [
          {
            "a": "ND548"
          },
          {
            "b": ".G67 1926"
          }
        ]
      }
    },
    {
      "082": {
        "ind1": "0",
        "ind2": "4",
        "subfields": [
          {
            "a": "759.4"
          },
          {
            "b": "GOR"
          }
        ]
      }
    },
    {
      "100": {
        "ind1": "1",
        "ind2": "\\",
        "subfields": [
          {
            "a": "Gordon, Jan,"
          },
          {
            "d": "1882-1944."
          }
        ]
      }
    },
    {
      "245": {
        "ind1": "1",
        "ind2": "0",
        "subfields": [
          {
            "a": "Modern French painters :"
          },
          {
            "b": "with forty illustrations /"
          },
          {
            "c": "by Jan Gordon."
          }
        ]
      }
    },
    {
      "260": {
        "ind1": "\\",
        "ind2": "\\",
        "subfields": [
          {
            "a": "London :"
          },
          {
            "b": "J. Lane ;"
          },
          {
            "a": "New York :"
          },
          {
            "b": "Dodd, Mead,"
          },
          {
            "c": "[1926]"
          }
        ]
      }
    },
    {
      "300": {
        "ind1": "\\",
        "ind2": "\\",
        "subfields": [
          {
            "a": "188 pages :"
          },
          {
            "b": "illustrations, plates (some color) ;"
          },
          {
            "c": "26 cm"
          }
        ]
      }
    },
    {
      "336": {
        "ind1": "\\",
        "ind2": "\\",
        "subfields": [
          {
            "a": "text"
          },
          {
            "b": "txt"
          },
          {
            "2": "rdacontent"
          }
        ]
      }
    },
    {
      "337": {
        "ind1": "\\",
        "ind2": "\\",
        "subfields": [
          {
            "a": "unmediated"
          },
          {
            "b": "n"
          },
          {
            "2": "rdamedia"
          }
        ]
      }
    },
    {
      "338": {
        "ind1": "\\",
        "ind2": "\\",
        "subfields": [
          {
            "a": "volume"
          },
          {
            "b": "nc"
          },
          {
            "2": "rdacarrier"
          }
        ]
      }
    },
    {
      "500": {
        "ind1": "\\",
        "ind2": "\\",
        "subfields": [
          {
            "a": "\"First published in 1923. Reprinted 1926.\""
          }
        ]
      }
    },
    {
      "500": {
        "ind1": "\\",
        "ind2": "\\",
        "subfields": [
          {
            "a": "Includes index."
          }
        ]
      }
    },
    {
      "505": {
        "ind1": "0",
        "ind2": "\\",
        "subfields": [
          {
            "a": "I. The language of art -- II. Impressionism and Neo-Impressionism -- III. Ce\u0301zanne -- IV. Vincent Van Gogh -- V. Renoir -- VI. Gauguin -- VII. Art and the new civilization -- VIII. The designing instinct -- IX. Henri Rousseau and Utrillo -- X. Savage art and Modigliani -- XI. \"Space\" and \"Life\" in painting -- XII. The value of art -- XIII. Derain and Vlaminck -- XIV. Cubism -- XV. The modern realists -- XVI. The women painters -- XVII. The Slavonic infuence."
          }
        ]
      }
    },
    {
      "650": {
        "ind1": "\\",
        "ind2": "0",
        "subfields": [
          {
            "a": "Painting"
          },
          {
            "z": "France."
          }
        ]
      }
    },
    {
      "650": {
        "ind1": "\\",
        "ind2": "0",
        "subfields": [
          {
            "a": "Painters"
          },
          {
            "z": "France."
          }
        ]
      }
    },
    {
      "650": {
        "ind1": "\\",
        "ind2": "0",
        "subfields": [
          {
            "a": "Impressionism (Art)"
          }
        ]
      }
    },
    {
      "650": {
        "ind1": "\\",
        "ind2": "7",
        "subfields": [
          {
            "a": "Impressionism (Art)"
          },
          {
            "2": "fast"
          },
          {
            "0": "(OCoLC)fst00968249"
          }
        ]
      }
    },
    {
      "650": {
        "ind1": "\\",
        "ind2": "7",
        "subfields": [
          {
            "a": "Painters."
          },
          {
            "2": "fast"
          },
          {
            "0": "(OCoLC)fst01050530"
          }
        ]
      }
    },
    {
      "650": {
        "ind1": "\\",
        "ind2": "7",
        "subfields": [
          {
            "a": "Painting."
          },
          {
            "2": "fast"
          },
          {
            "0": "(OCoLC)fst01050567"
          }
        ]
      }
    },
    {
      "651": {
        "ind1": "\\",
        "ind2": "7",
        "subfields": [
          {
            "a": "France."
          },
          {
            "2": "fast"
          },
          {
            "0": "(OCoLC)fst01204289"
          }
        ]
      }
    },
    {
      "776": {
        "ind1": "0",
        "ind2": "8",
        "subfields": [
          {
            "i": "Online version:"
          },
          {
            "a": "Gordon, Jan, 1882-1944."
          },
          {
            "t": "Modern French painters."
          },
          {
            "d": "London : J. Lane ; New York : Dodd, Mead, [1926]"
          },
          {
            "w": "(OCoLC)561035647"
          }
        ]
      }
    },
    {
      "994": {
        "ind1": "\\",
        "ind2": "\\",
        "subfields": [
          {
            "a": "Z0"
          },
          {
            "b": "NYRVC"
          }
        ]
      }
    },
    {
      "948": {
        "ind1": "\\",
        "ind2": "\\",
        "subfields": [
          {
            "h": "NO HOLDINGS IN NYRVC - 26 OTHER HOLDINGS"
          }
        ]
      }
    },
    {
      "999": {
        "ind1": "\\",
        "ind2": "\\",
        "subfields": [
          {
            "a": "00000000010474"
          }
        ]
      }
    }
  ]
}